<record><leader>00000cas a22000007a 4500</leader><controlfield tag="001">13077740</controlfield><controlfield tag="008">860129d19761985utu x ne      0    0spa d</controlfield><datafield ind1=" " ind2=" " tag="010"><subfield code="a">sn 86091030 </subfield></datafield><datafield ind1=" " ind2=" " tag="040"><subfield code="a">UNP</subfield><subfield code="b">eng</subfield><subfield code="c">UNP</subfield><subfield code="d">OCLCQ</subfield></datafield><datafield ind1=" " ind2=" " tag="042"><subfield code="a">msc</subfield></datafield><datafield ind1=" " ind2="4" tag="050"><subfield code="a">AN2.U8</subfield><subfield code="b">M86</subfield></datafield><datafield ind1="0" ind2="0" tag="245"><subfield code="a">Mundo Latino.</subfield></datafield><datafield ind1=" " ind2=" " tag="260"><subfield code="a">Salt Lake City, Utah :</subfield><subfield code="b">H. Rodriguez &amp; R.M. Otermin,</subfield><subfield code="c">1976-</subfield></datafield><datafield ind1=" " ind2=" " tag="300"><subfield code="a">v. :</subfield><subfield code="b">ill. ;</subfield><subfield code="c">38-58 cm.</subfield></datafield><datafield ind1=" " ind2=" " tag="310"><subfield code="a">Irregular,</subfield><subfield code="b">&lt;July, 1981-Oct. 1984&gt;</subfield></datafield><datafield ind1=" " ind2=" " tag="321"><subfield code="a">Monthly,</subfield><subfield code="b">&lt;Nov. 1976-Feb. 1977&gt;</subfield></datafield><datafield ind1=" " ind2=" " tag="321"><subfield code="a">Biweekly,</subfield><subfield code="b">&lt;Sept. 29, 1977-Feb. 13, 1978&gt;</subfield></datafield><datafield ind1=" " ind2=" " tag="321"><subfield code="a">Weekly,</subfield><subfield code="b">&lt;Aug. 22, 1979-June 1981&gt;</subfield></datafield><datafield ind1="0" ind2=" " tag="362"><subfield code="a">[Vol. 1], no. 1 (nov. de 1976)-</subfield></datafield><datafield ind1="1" ind2=" " tag="362"><subfield code="a">Ceased in 1985.</subfield><subfield code="z">Cf. Publisher.</subfield></datafield><datafield ind1=" " ind2=" " tag="500"><subfield code="a">"Al servicio de la cultura Latino Americana."</subfield></datafield><datafield ind1=" " ind2=" " tag="500"><subfield code="a">"Sean los orientales tan ilustrados como valientes."</subfield></datafield><datafield ind1=" " ind2=" " tag="500"><subfield code="a">&quot;El correo Hispano de las montan&#771;as.&quot;</subfield></datafield><datafield ind1=" " ind2=" " tag="500"><subfield code="a">"Spanish community #1 newspaper."</subfield></datafield><datafield ind1=" " ind2=" " tag="752"><subfield code="a">United States</subfield><subfield code="b">Utah</subfield><subfield code="c">Salt Lake</subfield><subfield code="d">Salt Lake City.</subfield></datafield></record>